@article{Nunes2004,
author = {Nunes, Rogean Rodrigues and de Almeida, Murilo Pereira and Sleigh, James Wallace},
doi = {10.1590/S0034-70942004000300013},
issn = {0034-7094},
journal = {Rev. Bras. Anestesiol.},
month = {jun},
number = {3},
title = {{Spectral Entropy: A New Method for Anesthetic Adequacy}},
url = {http://www.scielo.br/scielo.php?script=sci{\_}arttext{\&}pid=S0034-70942004000300013{\&}lng=pt{\&}nrm=iso{\&}tlng=pt},
volume = {54},
year = {2004}
}
