@article{Nunes2004,
author = {Nunes, Rogean Rodrigues and de Almeida, Murilo Pereira and Sleigh, James Wallace},
journal = {Rev. Bras. Anestesiol.},
month = {jun},
number = {3},
title = {Spectral Entropy: A New Method for Anesthetic Adequacy},
volume = {54},
year = {2004}
}
@inproceedings{Wegmann_ICASSP_1996,
author = {Wegmann, S. and McAllaster, D. and Orloff, J. and Peskin, B.},
booktitle = {1996 IEEE Int. Conf. Acoust. Speech Signal Process.},
pages = {339--341},
title = {{Speaker normalization on conversational telephone speech}},
volume = {1},
year = {1996}
}
@article{Wu_JASA_1991,
author = {Wu, Ke and Childers, D. G.},
journal = {J. Acoust. Soc. Am.},
month = {oct},
number = {4},
pages = {1828--1840},
title = {{Gender recognition from speech. Part I: Coarse analysis}},
volume = {90},
year = {1991}
}
@article{Wu_JASA_1991_2,
author = {Childers, D. G. and Wu, Ke},
journal = {J. Acoust. Soc. Am.},
month = {oct},
number = {4},
pages = {1841--1856},
title = {{Gender recognition from speech. Part II: Fine analysis}},
volume = {90},
year = {1991}
}
@inproceedings{Childers_ICASSP_1988,
author = {Childers, D.G. and {Ke Wu} and Bae, K.S. and Hicks, D.M.},
booktitle = {1988 IEEE Int. Conf. Acoust. Speech Signal Process.},
pages = {603--606},
publisher = {IEEE},
title = {{Automatic recognition of gender by voice}},
year = {1988}
}
@article{Titze_JASA_1989,
author = {Titze, Ingo R.},
journal = {J. Acoust. Soc. Am.},
month = {apr},
number = {4},
pages = {1699--1707},
title = {{Physiologic and acoustic differences between male and female voices}},
volume = {85},
year = {1989}
}
@article{Hollien1967,
author = {Hollien, Harry and Malcik, Ellen},
journal = {Speech Monogr.},
month = {mar},
number = {1},
pages = {80--84},
title = {{Evaluation of gross‚Äêsectional studies of adolescent voice change in males}},
volume = {34},
year = {1967}
}
@article{Perry_JASA_2001,
author = {Perry, Theodore L. and Ohde, Ralph N. and Ashmead, Daniel H.},
journal = {J. Acoust. Soc. Am.},
month = {jun},
number = {6},
pages = {2988--2998},
title = {{The acoustic bases for gender identification from children's voices}},
volume = {109},
year = {2001}
}
@article{Poon2015,
author = {Poon, Morris S. F. and Ng, Manwa L.},
journal = {Speech, Lang. Hear.},
month = {sep},
number = {3},
pages = {161--165},
title = {{The role of fundamental frequency and formants in voice gender identification}},
volume = {18},
year = {2015}
}
@article{Harb2005,
author = {Harb, Hadi and Chen, Liming},
journal = {J. Intell. Inf. Syst.},
month = {mar},
number = {2-3},
pages = {179--198},
title = {Voice-Based Gender Identification in Multimedia Applications},
volume = {24},
year = {2005}
}
@inproceedings{Zeng2006,
author = {Zeng, Yu-min and Wu, Zhen-yang and Falk, Tiago and Chan, Wai-yip},
booktitle = {2006 Int. Conf. Mach. Learn. Cybern.},
pages = {3376--3379},
title = {Robust GMM Based Gender Classification using Pitch and RASTA-PLP Parameters of Speech},
year = {2006}
}
@article{Sorokin2008,
author = {Sorokin, V. N. and Makarov, I. S.},
journal = {Acoust. Phys.},
month = {jul},
number = {4},
pages = {571--578},
title = {{Gender recognition from vocal source}},
volume = {54},
year = {2008}
}
@inproceedings{Metze_ICASSP_2007,
author = {Metze, Florian and Ajmera, Jitendra and Englert, Roman and Bub, Udo and Burkhardt, Felix and Stegmann, Joachim and Muller, Christian and Huber, Richard and Andrassy, Bernt and Bauer, Josef G. and Littel, Bernhard},
booktitle = {2007 IEEE Int. Conf. Acoust. Speech Signal Process.},
pages = {1089--1092},
publisher = {IEEE},
title = {Comparison of Four Approaches to Age and Gender Recognition for Telephone Applications},
year = {2007}
}
@inproceedings{Bocklet_ICASSP_2008,
author = {Bocklet, Tobias and Maier, Andreas and Bauer, Josef G. and Burkhardt, Felix and Noth, Elmar},
booktitle = {2008 IEEE Int. Conf. Acoust. Speech Signal Process.},
month = {mar},
pages = {1605--1608},
title = {{Age and gender recognition for telephone applications based on GMM supervectors and support vector machines}},
year = {2008}
}
@article{Bisio2013,
author = {Bisio, Igor and Delfino, Alessandro and Lavagetto, Fabio and Marchese, Mario and Sciarrone, Andrea},
journal = {IEEE Trans. Emerg. Top. Comput.},
month = {dec},
number = {2},
pages = {244--257},
title = {Gender-Driven Emotion Recognition Through Speech Signals For Ambient Intelligence Applications},
volume = {1},
year = {2013}
}
@inproceedings{Ververidis2004,
  title={Automatic speech classification to five emotional states based on gender information},
  author={Ververidis, Dimitrios and Kotropoulos, Constantine},
  booktitle={Eur. Signal Process. Conf.},
  year={2004}
}
@inproceedings{Levi2015,
author = {Levi, Gil and Hassncer, Tal},
booktitle = {2015 IEEE Conf. Comput. Vis. Pattern Recognit. Work.},
month = {jun},
pages = {34--42},
title = {{Age and gender classification using convolutional neural networks}},
year = {2015}
}
@inproceedings{Gupta2016,
author = {Gupta, Manish and Bharti, Shambhu Shankar and Agarwal, Suneeta},
booktitle = {2016 Fourth Int. Conf. Parallel, Distrib. Grid Comput.},
pages = {737--741},
title = {{Support vector machine based gender identification using voiced speech frames}},
year = {2016}
}
@techreport{Traunmller1994,
  title={The frequency range of the voice fundamental in the speech of male and female adults},
  author={Hartmut Traunm\"{u}ller},
  year={1994}
}
@book{ESL_2001,
address = {New York, NY},
author = {Hastie, Trevor and Friedman, Jerome and Tibshirani, Robert},
publisher = {Springer New York},
series = {Springer Series in Statistics},
title = {{The Elements of Statistical Learning}},
year = {2001}
}
